% TODO: add other papers with GRACeFUL-acknowledged support

@article{DBLP:journals/corr/BottaJICB16,
  author    = {Nicola Botta and
               Patrik Jansson and
               Cezar Ionescu and
               David R. Christiansen and
               Edwin Brady},
  title     = {Sequential decision problems, dependent types and generic solutions},
  journal   = {Logical Methods in Computer Science},
  volume    = {13},
  number    = {1},
  year      = {2017},
  url       = {https://doi.org/10.23638/LMCS-13(1:7)2017},
  doi       = {10.23638/LMCS-13(1:7)2017},
  timestamp = {Wed, 03 May 2017 14:47:56 +0200},
  biburl    = {http://dblp.uni-trier.de/rec/bib/journals/corr/BottaJICB16},
  bibsource = {dblp computer science bibliography, http://dblp.org}
}


@Article{Botta2017Avoidability,
  author = 	 {Nicola Botta and
                  Patrik Jansson and
		  Cezar Ionescu},
  title = 	 {Contributions to a computational theory of policy advice and avoidability},
  journal = 	 {Journal of Functional Programming},
  year = 	 {2017},
  OPTkey = 	 {},
  OPTvolume = 	 {},
  OPTnumber = 	 {},
  OPTpages = 	 {},
  OPTmonth = 	 {},
  note = 	 {Accepted for publication 2017-09-20.},
  OPTannote = 	 {}
}

@inproceedings{Algehed:2017:VVD:3122948.3122953,
  author =	 {Algehed, Maximilian and
                  Jansson, Patrik},
  title =	 {VisPar: Visualising Dataflow Graphs from the Par
                  Monad},
  booktitle =	 {Proceedings of the 6th ACM SIGPLAN International
                  Workshop on Functional High-Performance Computing},
  series =	 {FHPC 2017},
  year =	 2017,
  isbn =	 {978-1-4503-5181-2},
  location =	 {Oxford, UK},
  pages =	 {24--29},
  numpages =	 6,
  url =		 {http://doi.acm.org/10.1145/3122948.3122953},
  doi =		 {10.1145/3122948.3122953},
  acmid =	 3122953,
  publisher =	 {ACM},
  keywords =	 {Functional Programming, Parallel Programming,
                  Threads, Visualization},
}

@inproceedings{SandbergEriksson:2016:AFT:2976022.2976025,
  author =	 {Sandberg Eriksson, Adam and
                  Jansson, Patrik},
  title =	 {An Agda Formalisation of the Transitive Closure of
                  Block Matrices (Extended Abstract)},
  booktitle =	 {Proceedings of the 1st International Workshop on
                  Type-Driven Development},
  series =	 {TyDe 2016},
  year =	 2016,
  isbn =	 {978-1-4503-4435-7},
  location =	 {Nara, Japan},
  pages =	 {60--61},
  numpages =	 2,
  url =		 {http://doi.acm.org/10.1145/2976022.2976025},
  doi =		 {10.1145/2976022.2976025},
  acmid =	 2976025,
  publisher =	 {ACM},
  keywords =	 {Dependent types, Functional Programming, Linear
                  Algebra},
}
