%% This BibTeX bibliography file was created using BibDesk.
%% http://bibdesk.sourceforge.net/

%% Created for Alex Gerdes at 2017-01-25 14:38:33 +0100 


%% Saved with string encoding Unicode (UTF-8) 



@inbook{Gibbons2015,
	Address = {Cham},
	Author = {Gibbons, Jeremy},
	Booktitle = {Central European Functional Programming School: 5th Summer School, CEFP 2013, Cluj-Napoca, Romania, July 8-20, 2013, Revised Selected Papers},
	Date-Added = {2017-01-25 13:38:16 +0000},
	Date-Modified = {2017-01-25 13:38:16 +0000},
	Doi = {10.1007/978-3-319-15940-9_1},
	Editor = {Zs{\'o}k, Vikt{\'o}ria and Horv{\'a}th, Zolt{\'a}n and Csat{\'o}, Lehel},
	Isbn = {978-3-319-15940-9},
	Pages = {1--28},
	Publisher = {Springer International Publishing},
	Title = {Functional Programming for Domain-Specific Languages},
	Url = {http://dx.doi.org/10.1007/978-3-319-15940-9_1},
	Year = {2015},
	Bdsk-Url-1 = {http://dx.doi.org/10.1007/978-3-319-15940-9_1}}

@book{fowler,
	Author = {Fowler, Martin},
	Date-Added = {2017-01-25 13:36:10 +0000},
	Date-Modified = {2017-01-25 13:36:21 +0000},
	Publisher = {Pearson Education},
	Title = {Domain-specific languages},
	Year = {2010}}

@article{haskell98,
	Author = {Simon {Peyton Jones} and others},
	Date-Added = {2017-01-25 10:01:36 +0000},
	Date-Modified = {2017-01-25 10:01:36 +0000},
	Journal = {Journal of Functional Programming},
	Month = {Jan},
	Note = {\url{http://www.haskell.org/definition/}},
	Number = 1,
	Pages = {0--255},
	Title = {The {Haskell} 98 Language and Libraries: The Revised Report},
	Volume = 13,
	Year = 2003}

@unpublished{d4.1,
	Author = {Cezar Ionescu and Patrik Jansson},
	Date-Added = {2017-01-25 09:21:40 +0000},
	Date-Modified = {2017-01-25 09:23:25 +0000},
	Note = {Deliverable of the Global systems Rapid Assessment tools through Constraint FUnctional Languages (GRACeFUL) project. FETPROACT-1-2014 Grant No 640954},
	Title = {D4.1 Formal Concept Maps Elements Descriptions}}

@article{Wellman,
  author = {Wellman, M. P.},
  title = {Fundamental Concepts of Qualitative Probabilistic Networks},
  journal = {Artificial Intelligence},
  issue_date = {Aug. 1990},
  volume = {44},
  number = {3},
  month = jul,
  year = {1990},
  issn = {0004-3702},
  pages = {257--303},
  publisher = {Elsevier Science Publishers Ltd.},
  address = {Essex, UK},
} 
