@article{merali2010,
  title =        {Computational science: Error, why scientific
                  programming does not compute},
  author =       {Merali, Zeeya},
  journal =      {Nature},
  volume =       467,
  number =       7317,
  pages =        {775--777},
  year =         2010,
  publisher =    {Nature Publishing Group}
}

@book{bird97,
  AUTHOR =       "Bird, R. S. and de Moor, O.",
  TITLE =        "Algebra of Programming",
  PUBLISHER =    "Prentice Hall",
  SERIES =       "International Series in Computer Science",
  YEAR =         1997
}

@book{dehaan2015solving,
  author =       "{de Haan}, A. and de Heer, P.",
  year =         2015,
  title =        "Solving Complex Problems",
  publisher =    "Eleven International Publishing"
}

@inproceedings{flocq2013,
  author =       {Boldo, Sylvie and Jourdan, Jacques-Henri and Leroy,
                  Xavier and Melquiond, Guillaume},
  title =        {A Formally-Verified C Compiler Supporting
                  Floating-Point Arithmetic},
  booktitle =    {Proceedings of the 2013 IEEE 21st Symposium on
                  Computer Arithmetic},
  year =         2013,
  isbn =         {978-0-7695-4957-6},
  pages =        {107--115},
  numpages =     9,
  acmid =        2494823,
  publisher =    {IEEE Computer Society},
  keywords =     {floating-point arithmetic, verified compilation,
                  formal proof, floating-point semantic preservation},
}

@article{rodes,
  author =       {Tucker, Warwick},
  title =        {A Rigorous ODE Solver and Smale's 14th Problem},
  journal =      {Found. Comput. Math.},
  issue_date =   {January 2002},
  volume =       2,
  number =       1,
  month =        jan,
  year =         2002,
  issn =         {1615-3375},
  pages =        {53--117},
  numpages =     65,
  acmid =        2693486,
  publisher =    {Springer-Verlag New York},
  keywords =     {Auto-validating algorithms, Dynamical systems,
                  Lorenz attractor, Normal forms, Primary 37C10,
                  Secondary 37D45, 65G30},
}

@article{filipe2006,
  author =       {Cruz-Filipe, Lu\'{\i}s and Letouzey, Pierre},
  title =        {A Large-Scale Experiment in Executing Extracted
                  Programs},
  journal =      {Electron. Notes Theor. Comput. Sci.},
  issue_date =   {March, 2006},
  volume =       151,
  number =       1,
  year =         2006,
  issn =         {1571-0661},
  pages =        {75--91},
  numpages =     17,
  acmid =        1706875,
  publisher =    {Elsevier},
  keywords =     {Complexity, Constructive reals, Formalization of
                  Mathematics, Fundamental Theorem of Algebra, Program
                  extraction},
}

@incollection{harrison2005,
  year =         2005,
  isbn =         {978-3-540-27882-5},
  booktitle =    {FM 2005: Formal Methods},
  volume =       3582,
  series =       {Lecture Notes in Computer Science},
  editor =       {Fitzgerald, John and Hayes, IanJ. and Tarlecki,
                  Andrzej},
  title =        {Floating-Point Verification},
  publisher =    {Springer Berlin Heidelberg},
  author =       {Harrison, John},
  pages =        {529-532},
  language =     {English}
}

@book{sysbook,
  TITLE =        "The Lorenz Equations: Bifurcations, Chaos, and
                  Strange Attractors",
  YEAR =         1982,
  SERIES =       "Applied Mathematical Sciences",
  VOL =          41,
  PUBLISHER =    "Springer New York"
}

@article{tuckerthesis,
  title =        {The Lorenz attractor exists},
  author =       {Tucker, Warwick},
  journal =      {Comptes Rendus de l'Acad{\'e}mie des Sciences-Series
                  I-Mathematics},
  volume =       328,
  number =       12,
  pages =        {1197--1202},
  year =         1999,
  publisher =    {Elsevier}
}

@book{tuckerbook,
  title =        {Validated numerics: a short introduction to rigorous
                  computations},
  author =       {Tucker, Warwick},
  year =         2011,
  publisher =    {Princeton University Press}
}

@article{stewartnature,
  title =        {Mathematics: The Lorenz attractor exists},
  author =       {Stewart, Ian},
  journal =      {Nature},
  volume =       406,
  number =       6799,
  pages =        {948--949},
  year =         2000,
  publisher =    {Nature Publishing Group}
}

@article{flyspeck,
  title =        {A formal proof of the Kepler conjecture},
  author =       {Hales, Thomas and Adams, Mark and Bauer, Gertrud and
                  Dang, Dat Tat and Harrison, John and Hoang, Truong
                  Le and Kaliszyk, Cezary and Magron, Victor and
                  McLaughlin, Sean and Nguyen, Thang Tat and others},
  journal =      {arXiv preprint arXiv:1501.02155},
  year =         2015
}

@misc{solovyevthesis,
  month =        {January},
  title =        {Formal Computations and Methods},
  series =       {Doctoral Dissertation},
  author =       {Alexey Solovyev},
  year =         2013,
  publisher =    {University of Pittsburgh}
}

@inproceedings{ionescu2013testing,
  title =        {Testing versus proving in climate impact research},
  author =       {Ionescu, Cezar and Jansson, Patrik},
  booktitle =    {Proceedings of the 18th Workshop Types for Proofs
                  and Programs (TYPES’11)},
  volume =       19,
  pages =        {41--54},
  year =         2013
}

@incollection{ionescu2013dependently,
  title =        {Dependently-typed programming in scientific
                  computing},
  author =       {Ionescu, Cezar and Jansson, Patrik},
  booktitle =    {Implementation and Application of Functional
                  Languages},
  pages =        {140--156},
  year =         2013,
  publisher =    {Springer Berlin Heidelberg}
}

@inproceedings{botta2013mathematical,
  title =        {Mathematical specification of an agend-based model
                  of exchange},
  author =       {Botta, Nicola and Mandel, Antoine and Hofmann,
                  Mareen and Schupp, Sybille and Ionescu, Cezar},
  booktitle =    {annual convention of the AISB (Society for the Study
                  of Artificial Intelligence and Simulation of
                  Behaviour)},
  year =         2013
}

@book{oberwolfach,
  title =        "Mathematics for Scientific Programming",
  author =       "Flondor, Paul and Gibbons, Jeremy and Ionescu,
                  Cezar",
  publisher =    "Birkh\"auser Basel",
  series =       "Oberwolfach Seminars",
  year =         "In preparation"
}

@article{botta2011functional,
  title =        {A functional framework for agent-based models of
                  exchange},
  author =       {Botta, Nicola and Mandel, Antoine and Ionescu, Cezar
                  and Hofmann, Mareen and Lincke, Daniel and Schupp,
                  Sibylle and Jaeger, Carlo},
  journal =      {Applied Mathematics and Computation},
  volume =       218,
  number =       8,
  pages =        {4025--4040},
  year =         2011,
  publisher =    {Elsevier}
}

@book{bird2010,
  title =        {Pearls of functional algorithm design},
  author =       {Bird, Richard},
  year =         2010,
  publisher =    {Cambridge University Press}
}

@article{AOPA,
  author =       {Shin-Cheng Mu and Hsiang-Shang Ko and Patrik
                  Jansson},
  title =        {Algebra of programming in {Agda}: dependent types
                  for relational program derivation},
  publisher =    {Cambridge University Press},
  journal =      {Journal of Functional Programming},
  volume =       19,
  issue =        5,
  pages =        {545--579},
  year =         2009,
  COMMENTdoi =   {10.1017/S0956796809007345}
}

@article{lorenz63,
  title =        {Deterministic nonperiodic flow},
  author =       {Lorenz, Edward N},
  journal =      {Journal of the atmospheric sciences},
  volume =       20,
  number =       2,
  pages =        {130--141},
  year =         1963
}

@article{lorenz79,
  title =        {Predictability: Does the flap of a butterfly’s wings
                  in brazil set off a tornado in texas?, paper
                  presented at annual meeting},
  author =       {Lorenz, E},
  journal =      {Am. Assoc. for the Adv. of Sci., Washington, DC},
  year =         1979
}

@article{efficientreals,
  author =       {Lambov,Branimir},
  title =        {RealLib: An efficient implementation of exact real
                  arithmetic},
  journal =      {Mathematical Structures in Computer Science},
  volume =       17,
  issue =        01,
  month =        2,
  year =         2007,
  COMMENTissn =  {1469-8072},
  pages =        {81--98},
  COMMENTnumpages =18,
  COMMENTdoi =   {10.1017/S0960129506005822},
  COMMENTURL =
                  {http://journals.cambridge.org.proxy.lib.chalmers.se/article_S0960129506005822}
}

@article{exactreals,
  author =       {Geuvers,Herman and Niqui,Milad and Spitters,Bas and
                  Wiedijk,Freek},
  title =        {Constructive analysis, types and exact real numbers},
  journal =      {Mathematical Structures in Computer Science},
  volume =       17,
  issue =        01,
  month =        2,
  year =         2007,
  COMMENTissn =  {1469-8072},
  pages =        {3--36},
  COMMENTnumpages =34,
  COMMENTdoi =   {10.1017/S0960129506005834},
  COMMENTURL =
                  {http://journals.cambridge.org.proxy.lib.chalmers.se/article_S0960129506005834}
}

@book{bird2014thinking,
  title =        {Thinking functionally with Haskell},
  author =       {Bird, Richard},
  year =         2014,
  publisher =    {Cambridge University Press}
}

@book{bird1998introduction,
  title =        {Introduction to functional programming using
                  Haskell},
  author =       {Bird, Richard},
  volume =       2,
  year =         1998,
  publisher =    {Prentice Hall Europe London}
}

@book{bird1988introduction,
  title =        {Introduction to Functional Programming, 1988},
  author =       {Bird, Richard and Wadler, Philip},
  year =         1988,
  publisher =    {Prentice-Hall, Englewood Cliffs, NJ}
}

@book{hutton2007programming,
  title =        {Programming in Haskell},
  author =       {Hutton, Graham},
  year =         2007,
  publisher =    {Cambridge University Press}
}

@inproceedings{gibbons2013functional,
  title =        "Functional Programming for Domain-Specific
                  Languages",
  author =       "Jeremy Gibbons",
  year =         2013,
  booktitle =    "Central European Functional Programming - Summer
                  School on Domain-Specific Languages",
  editor =       "Viktória Zsók and Zoltán Horváth and Lehel Csató",
  month =        "July",
  pages =        "1-28",
  publisher =    "Springer",
  series =       "LNCS",
  url =
                  "http://link.springer.com/chapter/10.1007/978-3-319-15940-9_1",
  volume =       8606,
  doi =          "10.1007/978-3-319-15940-9_1",
}

@book{abelson1996structure,
  title =        {Structure and Interpretation of Computer Programs,
                  second edition},
  author =       {Abelson, Harold and Sussman, Gerald Jay and Sussman,
                  Julie},
  year =         1996,
  publisher =    {MIT Press}
}

@book{peyton1987implementation,
  title =        {The implementation of functional programming
                  languages (prentice-hall international series in
                  computer science)},
  author =       {Peyton Jones, Simon L},
  year =         1987,
  publisher =    {Prentice-Hall, Inc.}
}

@article{gibbons2014folding,
  title =        "Folding Domain-Specific Languages: Deep and Shallow
                  Embeddings",
  author =       "Jeremy Gibbons and Nicolas Wu",
  year =         "2014",
  booktitle =    "International Conference on Functional Programming",
  month =        "September",
  url =
                  "http://www.cs.ox.ac.uk/jeremy.gibbons/publications/embedding.pdf",
}

@article{walker2000policy,
  title =        {Policy analysis: a systematic approach to supporting
                  policymaking in the public sector},
  author =       {Walker, Warren E},
  journal =      {Journal of multi-criteria decision analysis},
  volume =       9,
  number =       {1-3},
  pages =        {11--27},
  year =         2000
}