@article{Haskell,
  title =	 {Report on the programming language Haskell: a
    non-strict, purely functional language version 1.2},
  author =	 {Hudak, Paul and Peyton Jones, Simon and Wadler,
    Philip and Boutel, Brian and Fairbairn, Jon and
      Fasel, Joseph and Guzm{\'a}n, Mar{\'\i}a M and
      Hammond, Kevin and Hughes, John and Johnsson, Thomas
      and others},
  journal =	 {ACM SigPlan notices},
  volume =	 27,
  number =	 5,
  pages =	 {1--164},
  year =	 1992,
  publisher =	 {ACM}
}

@article{FEAT,
  title={Feat: functional enumeration of algebraic types},
  author={Dureg{\aa}rd, Jonas and Jansson, Patrik and Wang, Meng},
  journal={ACM SIGPLAN Notices},
  volume={47},
  number={12},
  pages={61--72},
  year={2013},
  publisher={ACM}
}

@conference{CRD,
  author={Claessen, Koen and Duregård, Jonas and Palka, Michal H.},
  title={Generating Constrained Random Data with Uniform Distribution},
  booktitle={Lecture Notes in Computer Science: 12th International Symposium on Functional and Logic Programming},
  series={FLOPS '14},
  pages="18--34",
  doi="10.1007/978-3-319-07151-0_2",
  year={2014}
}

@article{LUCK,
  author    = {Leonidas Lampropoulos and
    Diane Gallois{-}Wong and
      Catalin Hritcu and
      John Hughes and
      Benjamin C. Pierce and
      Li{-}yao Xia},
  title     = {Beginner's Luck: {A} Language for Property-Based Generators},
  journal   = {CoRR},
  volume    = {abs/1607.05443},
  year      = {2016}
}

@book{NEAT,
  author={Duregård, Jonas},
  title={Automating Black-Box Property Based Testing},
  isbn={978-91-7597-431-6},
  publisher={Institutionen för data- och informationsteknik, Programvaruteknik (Chalmers), Chalmers tekniska högskola,},
  place={Göteborg},
  year={2016},
  series={Doktorsavhandlingar vid Chalmers tekniska högskola. Ny serie, no: 4112},
  note={155},
}

@misc{SoftwareCost,
  author = {Gregory Tassey},
  title = {The Economic Impacts of Inadequate Infrastructure for Software Testing},
  publisher = {U.S Department of Commerce Technology/Administration},
  year = {2002},
  howpublished = "\url{https://www.nist.gov/sites/default/files/documents/director/planning/report02-3.pdf}, accessed June 2016"
}

@misc{EvalSSH,
  author = {Alexandr Andoni and Dumitru Daniliuc and Sarfraz Khurshid and Darko Marinov},
  title = {Evaluating the "Small Scope Hypothesis"},
  howpublished = "\url{http://citeseerx.ist.psu.edu/viewdoc/download?doi=10.1.1.72.4000&rep=rep1&type=pdf} acessed June 2017"
}

@article{SmallCheck,
  author = {Runciman, Colin and Naylor, Matthew and Lindblad, Fredrik},
  title = {Smallcheck and Lazy Smallcheck: Automatic Exhaustive Testing for Small Values},
  journal = {SIGPLAN Not.},
  issue_date = {February 2009},
  volume = {44},
  number = {2},
  month = sep,
  year = {2008},
  issn = {0362-1340},
  pages = {37--48},
  numpages = {12},
  url = {http://doi.acm.org/10.1145/1543134.1411292},
  doi = {10.1145/1543134.1411292},
  acmid = {1411292},
  publisher = {ACM},
  address = {New York, NY, USA},
  keywords = {embedded language, exhaustive search, lazy evaluation, property-based testing, type classes},
} 

@inproceedings{EasyCheck,
  author = {Christiansen, Jan and Fischer, Sebastian},
  title = {EasyCheck: Test Data for Free},
  booktitle = {Proceedings of the 9th International Conference on Functional and Logic Programming},
  series = {FLOPS'08},
  year = {2008},
  isbn = {3-540-78968-5, 978-3-540-78968-0},
  location = {Ise, Japan},
  pages = {322--336},
  numpages = {15},
  url = {http://dl.acm.org/citation.cfm?id=1788446.1788479},
  acmid = {1788479},
  publisher = {Springer-Verlag},
  address = {Berlin, Heidelberg},
  keywords = {curry, encapsulated search, nondeterminism, testing},
}

@article{QuickSpec,
  author = {Nicholas Smallbone and Moa Johansson and Koen Claessen and Maximilian Algehed},
  name = {Quick specifications for the busy programmer},
  journal = {Submitted for publication},
  year = 2016
}

@INPROCEEDINGS{Lindblad,
  author = {Fredrik Lindblad},
  title = {Property directed generation of first-order test data},
  booktitle = {Proceedings of the Eigth Symposium on Trends in Functional Programming},
  pages = {105--123},
  year = {2007}
}

@article{Hipster,
  author    = {Moa Johansson and
    Dan Ros{\'{e}}n and
      Nicholas Smallbone and
      Koen Claessen},
  title     = {Hipster: Integrating Theory Exploration in a Proof Assistant},
  journal   = {CoRR},
  volume    = {abs/1405.3426},
  year      = {2014}
}


@inproceedings{Lazy,
  author = {Henderson, Peter and Morris,Jr., James H.},
  title = {A Lazy Evaluator},
  booktitle = {Proceedings of the 3rd ACM SIGACT SIGPLAN Symposium on Principles on Programming Languages},
  series = {POPL '76},
  pages = {95 -- 103},
  year = {1976}
} 

@book{Palka,
  author={Palka, Michal H.},
  title={Testing an Optimising Compiler by Generating Random Lambda Terms},
  publisher={Institutionen för data- och informationsteknik, Programvaruteknik (Chalmers), Chalmers tekniska högskola,},
  place={Göteborg},
  year={2012},
  series={Technical report L - Department of Computer Science and Engineering, Chalmers University of Technology and Göteborg University, no: 94L},
  keywords={software testing, random testing, functional programming, type systems, lambda calculus},
  note={76},
}

@inproceedings{TestingGHC,
  title={Testing an optimising compiler by generating random lambda terms},
  author={Pa{\l}ka, Micha{\l} H and Claessen, Koen and Russo, Alejandro and Hughes, John},
  booktitle={Proceedings of the 6th International Workshop on Automation of Software Test},
  pages={91--97},
  year={2011},
  organization={ACM}
}

@article{QuickCheck,
  author = {Claessen, Koen and Hughes, John},
  title = {QuickCheck: A Lightweight Tool for Random Testing of Haskell Programs},
  journal = {SIGPLAN Not.},
  issue_date = {Sept. 2000},
  volume = {35},
  number = {9},
  month = sep,
  year = {2000},
  issn = {0362-1340},
  pages = {268--279},
  numpages = {12},
  url = {http://doi.acm.org/10.1145/357766.351266},
  doi = {10.1145/357766.351266},
  acmid = {351266},
  publisher = {ACM},
  address = {New York, NY, USA},
} 

@inproceedings{HughesMocking,
  author = {Svenningsson, Josef and Svensson, Hans and Smallbone, Nicholas and Arts, Thomas and Norell, Ulf and Hughes, John},
  title = {An Expressive Semantics of Mocking},
  booktitle = {Proceedings of the 17th International Conference on Fundamental Approaches to Software Engineering - Volume 8411},
  year = {2014},
  isbn = {978-3-642-54803-1},
  pages = {385--399},
  numpages = {15},
  url = {http://dx.doi.org/10.1007/978-3-642-54804-8_27},
  doi = {10.1007/978-3-642-54804-8_27},
  acmid = {2731755},
  publisher = {Springer-Verlag New York, Inc.},
  address = {New York, NY, USA},
} 

@misc{GoogleMock,
  title = {Google C++ mocking framework},
  howpublished = "\url{http://code.google.com/p/googlemock}"
}

@misc{EasyMock,
  title = {EasyMock},
  howpublished = "\url{http://www.easymock.org}"
}

@conference{
  CRD,
  author={Claessen, Koen and Duregård, Jonas and Palka, Michal H.},
  title={Generating Constrained Random Data with Uniform Distribution},
  booktitle={Lecture Notes in Computer Science: 12th International Symposium on Functional and Logic Programming (FLOPS), Kanazawa, JAPAN, Jun 04-06, 2014},
  isbn={978-3-319-07151-0},
  pages={18-34},
  year={2014}
}

@article{LUCK,
  author    = {Leonidas Lampropoulos and
    Diane Gallois{-}Wong and
      Catalin Hritcu and
      John Hughes and
      Benjamin C. Pierce and
      Li{-}yao Xia},
  title     = {Beginner's Luck: {A} Language for Property-Based Generators},
  journal   = {CoRR},
  volume    = {abs/1607.05443},
  year      = {2016},
  url       = {http://arxiv.org/abs/1607.05443},
  timestamp = {Tue, 02 Aug 2016 12:59:27 +0200},
  biburl    = {http://dblp.uni-trier.de/rec/bib/journals/corr/LampropoulosGHH16},
  bibsource = {dblp computer science bibliography, http://dblp.org}
}

@article{WadlerSessionTypes,
  author = {Wadler, Philip},
  title = {Propositions As Sessions},
  journal = {SIGPLAN Not.},
  issue_date = {September 2012},
  volume = {47},
  number = {9},
  month = sep,
  year = {2012},
  issn = {0362-1340},
  pages = {273--286},
  numpages = {14},
  url = {http://doi.acm.org/10.1145/2398856.2364568},
  doi = {10.1145/2398856.2364568},
  acmid = {2364568},
  publisher = {ACM},
  address = {New York, NY, USA},
  keywords = {lambda calculus, linear logic, pi calculus},
} 

@misc{JSON,
  title={{JSON}: {J}ava {S}cript {O}bject {N}otation},
  howpublished="\url{http://www.json.org/}"
}

@inproceedings{PULSERACE,
  author = {Arts, Thomas and Hughes, John and Norell, Ulf and Smallbone, Nicholas and Svensson, Hans},
  title = {Accelerating Race Condition Detection Through Procrastination},
  booktitle = {Proceedings of the 10th ACM SIGPLAN Workshop on Erlang},
  series = {Erlang '11},
  year = {2011},
  isbn = {978-1-4503-0859-5},
  location = {Tokyo, Japan},
  pages = {14--22},
  numpages = {9},
  url = {http://doi.acm.org/10.1145/2034654.2034659},
  doi = {10.1145/2034654.2034659},
  acmid = {2034659},
  publisher = {ACM},
  address = {New York, NY, USA},
  keywords = {erlang, quickcheck, race conditions},
}

@inproceedings{HondaSessionTypes,
  title={Types for dyadic interaction},
  author={Honda, Kohei},
  booktitle={CONCUR'93},
  pages={509--523},
  year={1993},
  organization={Springer}
}

@inproceedings{ContractsHinze,
  title={Typed contracts for functional programming},
  author={Hinze, Ralf and Jeuring, Johan and L{\"o}h, Andres},
  booktitle={FLOPS},
  volume={6},
  pages={208--225},
  year={2006},
  organization={Springer}
}

@book{Contracts,
  title={Eiffel: the language},
  author={Meyer, Bertrand},
  year={1992},
  publisher={Prentice-Hall, Inc.}
}

@inproceedings{HDM,
  title={Principal type-schemes for functional programs},
  author={Damas, Luis and Milner, Robin},
  booktitle={Proceedings of the 9th ACM SIGPLAN-SIGACT symposium on Principles of programming languages},
  pages={207--212},
  year={1982},
  organization={ACM}
}

@article{MultiPartySessionTypes,
  title={Multiparty asynchronous session types},
  author={Honda, Kohei and Yoshida, Nobuko and Carbone, Marco},
  journal={ACM SIGPLAN Notices},
  volume={43},
  number={1},
  pages={273--284},
  year={2008},
  publisher={ACM}
}

@inproceedings{AUTOSAR,
  title={AUTOSAR--A Worldwide Standard is on the Road},
  author={F{\"u}rst, Simon and M{\"o}ssinger, J{\"u}rgen and Bunzel, Stefan and Weber, Thomas and Kirschke-Biller, Frank and Heitk{\"a}mper, Peter and Kinkelin, Gerulf and Nishikawa, Kenji and Lange, Klaus},
  booktitle={14th International VDI Congress Electronic Systems for Vehicles, Baden-Baden},
  volume={62},
  year={2009}
}

@inproceedings{MonadicEDSL,
  author = {Svenningsson, Josef David and Svensson, Bo Joel},
  title = {Simple and Compositional Reification of Monadic Embedded Languages},
  booktitle = {Proceedings of the 18th ACM SIGPLAN International Conference on Functional Programming},
  series = {ICFP '13},
  year = {2013},
  isbn = {978-1-4503-2326-0},
  location = {Boston, Massachusetts, USA},
  pages = {299--304},
  numpages = {6},
  url = {http://doi.acm.org/10.1145/2500365.2500611},
  doi = {10.1145/2500365.2500611},
  acmid = {2500611},
  publisher = {ACM},
  address = {New York, NY, USA},
  keywords = {compiling, embedded language, monads, reification},
} 

@article{WadlerMonad,
  author = {Wadler, Philip},
  title = {How to Declare an Imperative},
  journal = {ACM Computer Survey},
  issue_date = {Sept. 1997},
  volume = {29},
  number = {3},
  month = sep,
  year = {1997},
  issn = {0360-0300},
  pages = {240--263},
  numpages = {24},
  url = {http://doi.acm.org/10.1145/262009.262011},
  doi = {10.1145/262009.262011},
  acmid = {262011},
  publisher = {ACM},
  address = {New York, NY, USA},
} 

@inproceedings{Lazy,
  author = {Henderson, Peter and Morris,Jr., James H.},
  title = {A Lazy Evaluator},
  booktitle = {Proceedings of the 3rd ACM SIGACT SIGPLAN Symposium on Principles on Programming Languages},
  series = {POPL '76},
  pages = {95 -- 103},
  year = {1976}
} 

@book{Palka,
  author={Palka, Michal H.},
  title={Testing an Optimising Compiler by Generating Random Lambda Terms},
  publisher={Institutionen för data- och informationsteknik, Programvaruteknik (Chalmers), Chalmers tekniska högskola,},
  place={Göteborg},
  year={2012},
  series={Technical report L - Department of Computer Science and Engineering, Chalmers University of Technology and Göteborg University, no: 94L},
  keywords={software testing, random testing, functional programming, type systems, lambda calculus},
  note={76},
}

@inproceedings{TestingGHC,
  title={Testing an optimising compiler by generating random lambda terms},
  author={Pa{\l}ka, Micha{\l} H and Claessen, Koen and Russo, Alejandro and Hughes, John},
  booktitle={Proceedings of the 6th International Workshop on Automation of Software Test},
  pages={91--97},
  year={2011},
  organization={ACM}
}

@article{LUCK,
  author    = {Leonidas Lampropoulos and
    Diane Gallois{-}Wong and
      Catalin Hritcu and
      John Hughes and
      Benjamin C. Pierce and
      Li{-}yao Xia},
  title     = {Beginner's Luck: {A} Language for Property-Based Generators},
  journal   = {CoRR},
  volume    = {abs/1607.05443},
  year      = {2016},
  url       = {http://arxiv.org/abs/1607.05443},
  timestamp = {Tue, 02 Aug 2016 12:59:27 +0200},
  biburl    = {http://dblp.uni-trier.de/rec/bib/journals/corr/LampropoulosGHH16},
  bibsource = {dblp computer science bibliography, http://dblp.org}
}

@misc{JSON,
  title={{JSON}: {J}ava {S}cript {O}bject {N}otation},
  howpublished="\url{http://www.json.org/}"
}

@book{Erlang,
  author = {Armstrong, Joe},
  title = {Programming Erlang: Software for a Concurrent World},
  year = {2007},
  isbn = {193435600X, 9781934356005},
  publisher = {Pragmatic Bookshelf},
}

@article{ChaperoneContracts,
  title={Chaperone contracts for higher-order sessions},
  author={Melgratti, Hern{\'a}n and Padovani, Luca},
  journal={Proceedings of the ACM on Programming Languages},
  volume={1},
  number={ICFP},
  pages={35},
  year={2017},
  publisher={ACM}
}

@inproceedings{LIO,
  title={Flexible dynamic information flow control in Haskell},
  author={Stefan, Deian and Russo, Alejandro and Mitchell, John C and Mazi{\`e}res, David},
  booktitle={ACM Sigplan Notices},
  volume={46},
  number={12},
  pages={95--106},
  year={2011},
  organization={ACM}
}

@article{IFC,
  title={A lattice model of secure information flow},
  author={Denning, Dorothy E},
  journal={Communications of the ACM},
  volume={19},
  number={5},
  pages={236--243},
  year={1976},
  publisher={ACM}
}

@inproceedings{MAC,
  title={Functional pearl: two can keep a secret, if one of them uses Haskell},
  author={Russo, Alejandro},
  booktitle={ACM SIGPLAN International Conference in Functional Programming (ICFP)},
  volume={50},
  number={9},
  pages={280--288},
  year={2015},
  organization={ACM}
}

@inproceedings{DCC,
  title={A core calculus of dependency},
  author={Abadi, Mart{\'\i}n and Banerjee, Anindya and Heintze, Nevin and Riecke, Jon G},
  booktitle={Proceedings of the 26th ACM SIGPLAN-SIGACT symposium on Principles of programming languages},
  pages={147--160},
  year={1999},
  organization={ACM}
}

@techreport{RFC821,
  author = {Jonathan B. Postel},
  title = {Simple Mail Transfer Protocol},
  howpublished = {Internet Requests for Comments},
  type = {STD},
  number = {10},
  year = {1982},
  month = {August},
  issn = {2070-1721},
  publisher = {RFC Editor},
  institution = {RFC Editor},
  url = {http://www.rfc-editor.org/rfc/rfc821.txt},
  note = {\url{http://www.rfc-editor.org/rfc/rfc821.txt}},
}

@techreport{IP,
  author = {Jonthan B. Postel},
  title = {Internet Protocol},
  howpublished = {Internet Requests for Comments},
  type = {STD},
  number = {5},
  year = {1981},
  month = {September},
  issn = {2070-1721},
  publisher = {RFC Editor},
  institution = {RFC Editor},
  url = {http://www.rfc-editor.org/rfc/rfc791.txt},
  note = {\url{http://www.rfc-editor.org/rfc/rfc791.txt}},
}

@techreport{TCP,
  author = {Jonathan B. Postel},
  title = {Transmission Control Protocol},
  howpublished = {Internet Requests for Comments},
  type = {STD},
  number = {7},
  year = {1981},
  month = {September},
  issn = {2070-1721},
  publisher = {RFC Editor},
  institution = {RFC Editor},
  url = {http://www.rfc-editor.org/rfc/rfc793.txt},
  note = {\url{http://www.rfc-editor.org/rfc/rfc793.txt}},
}

@book{Python,
  title={Python language reference manual},
  author={Van Rossum, Guido and Drake, Fred L},
  year={2003},
  publisher={Network Theory}
}

@inproceedings{GADTs,
  title={System F with type equality coercions},
  author={Sulzmann, Martin and Chakravarty, Manuel MT and Jones, Simon Peyton and Donnelly, Kevin},
  booktitle={Proceedings of the 2007 ACM SIGPLAN international workshop on Types in languages design and implementation},
  pages={53--66},
  year={2007},
  organization={ACM}
}

@techreport{RFC1939,
  author = {John G. Myers and Marshall T. Rose},
  title = {Post Office Protocol - Version 3},
  howpublished = {Internet Requests for Comments},
  type = {STD},
  number = {53},
  year = {1996},
  month = {May},
  issn = {2070-1721},
  publisher = {RFC Editor},
  institution = {RFC Editor},
  url = {http://www.rfc-editor.org/rfc/rfc1939.txt},
  note = {\url{http://www.rfc-editor.org/rfc/rfc1939.txt}},
}

@misc{Selenium,
  title={The Selenium Tool},
  howpublished = "\url{http://www.seleniumhq.org/projects/}"
}

@inproceedings{BjornAndBenny,
  title={Simple and compositional reification of monadic embedded languages},
  author={Svenningsson, Josef David and Svensson, Bo Joel},
  booktitle={ACM SIGPLAN Notices},
  volume={48},
  number={9},
  pages={299--304},
  year={2013},
  organization={ACM}
}

@inproceedings{Scribble,
  title={The Scribble protocol language},
  author={Yoshida, Nobuko and Hu, Raymond and Neykova, Rumyana and Ng, Nicholas},
  booktitle={International Symposium on Trustworthy Global Computing},
  pages={22--41},
  year={2013},
  organization={Springer}
}

@article{PICalculus,
  title={A calculus of mobile processes, i},
  author={Milner, Robin and Parrow, Joachim and Walker, David},
  journal={Information and computation},
  volume={100},
  number={1},
  pages={1--40},
  year={1992},
  publisher={Elsevier}
}

@Inbook{DataDynamic,
author="Peyton Jones, Simon
and Weirich, Stephanie
and Eisenberg, Richard A.
and Vytiniotis, Dimitrios",
editor="Lindley, Sam
and McBride, Conor
and Trinder, Phil
and Sannella, Don",
title="A Reflection on Types",
bookTitle="A List of Successes That Can Change the World: Essays Dedicated to Philip Wadler on the Occasion of His 60th Birthday",
year="2016",
publisher="Springer International Publishing",
address="Cham",
pages="292--317",
isbn="978-3-319-30936-1",
doi="10.1007/978-3-319-30936-1_16",
url="https://doi.org/10.1007/978-3-319-30936-1_16"
}

@book{Java,
  title={The Java language specification},
  author={Gosling, James},
  year={2000},
  publisher={Addison-Wesley Professional}
}

@misc{PythonSMTPD,
  title = {The \texttt{smtpd} library},
  howpublished = {\url{https://docs.python.org/3/library/smtpd.html}}
}

@misc{PythonSMTPLIB,
  title = {The \texttt{smtplib} library},
  howpublished = {\url{https://docs.python.org/2/library/smtplib.html}}
}

@misc{BitTorrent,
  title = {The \texttt{BitTorrent} protocol specification},
  howpublished = {\url{http://www.bittorrent.org/beps/bep_0003.html}}
}
